
@MISC{www.clojure.org,
  howpublished = {\url{http://clojure.org/}},
  author = {Rich Hickey},
  title = {Clojure - home},
  note = {last accessed 2012-11-04},
  year = 2012,
}

@MISC{www.freecode.com/projects/rlwrap,
  howpublished = {\url{www.freecode.com/projects/rlwrap/}},
  title = {rlwrap â€“ Freecode},
  note = {last accessed 2012-11-04},
  year = 2012,
}

@MISC{jline.sourceforge.net,
  howpublished = {\url{http://jline.sourceforge.net/}},
  title = {JLine - JLine},
  note = {last accessed 2012-11-04},
  year = 2012,
}

