
@BOOK{book:clojure_in_action,
  title = "Clojure in Action -- Elegant applications on the JVM",
  author = "Amit Rathore",
  publisher = "Manning Publications Co.",
  year = "2012",
  isbn = "9781935182597",
  city = "Shelter Island, NY, USA", 
}

@BOOK{book:the_joy_of_clojure,
  title = "The Joy of Clojure",
  author = "Michael Fogus and Chris Houser",
  publisher = "Manning Publications Co.",
  year = "2011",
  isbn = "9781935182641",
  city = "Shelter Island, NY, USA", 
}

@BOOK{book:programming_clojure,
  title = "Programming Clojure",
  author = "Stuart Halloway",
  publisher = "Pragmatic Booksheld",
  year = "2009",
  isbn = "9781934356333",
}

